@article{ar49,
author = {Anderson, Theodore W. and Rubin, Herman},
journal = {The Annals of Mathematical Statistics},
keywords = {folder_invalid,folder_wi,wi},
mendeley-tags = {folder_invalid,folder_wi,wi},
number = {1},
pages = {46--63},
title = {Estimation of the Parameters of a Single Equation in a Complete System of Stochastic Equations},
volume = {20},
year = {1949}
}
@article{pearson01,
author = {Pearson, K},
journal = {Philosophical Magazine},
number = {11},
pages = {559--572},
title = {On lines and planes of closest fit to systems of points in space},
volume = {2},
year = {1901}
}
@article{spe04,
author = {Spearman, C},
journal = {The American Journal of Psychology},
number = {2},
pages = {201--292},
title = {``{General} Intelligence,'' Objectively Determined and Measured},
volume = {15},
year = {1904}
}
